@article{Brynolfsson2017a,
    title = {{Classification of one-dimensional non-stationary signals using the Wigner-Ville distribution in convolutional neural networks}},
    year = {2017},
    journal = {25th European Signal Processing Conference, EUSIPCO 2017},
    author = {Brynolfsson, Johan and Sandsten, Maria},
    number = {0},
    pages = {326--330},
    volume = {2017-Janua},
    isbn = {9780992862671},
    doi = {10.23919/EUSIPCO.2017.8081222}
}

@article{Cheng2013a,
    title = {{Detection and Characterization of Anomalies in Multivariate Time Series}},
    year = {2013},
    author = {Cheng, Haibin and Tan, Pang-Ning and Potter, Christopher and Klooster, Steven},
    pages = {413--424},
    doi = {10.1137/1.9781611972795.36}
}

@article{Laptev2015a,
    title = {{Generic and Scalable Framework for Automated Time-series Anomaly Detection}},
    year = {2015},
    author = {Laptev, Nikolay and Amizadeh, Saeed and Flint, Ian},
    pages = {1939--1947},
    doi = {10.1145/2783258.2788611}
}

@article{Mei2016a,
    title = {{Learning a Mahalanobis Distance-Based Dynamic Time Warping Measure for Multivariate Time Series Classification}},
    year = {2016},
    journal = {IEEE Transactions on Cybernetics},
    author = {Mei, Jiangyuan and Liu, Meizhu and Wang, Yuan Fang and Gao, Huijun},
    number = {6},
    pages = {1363--1374},
    volume = {46},
    publisher = {IEEE},
    doi = {10.1109/TCYB.2015.2426723},
    issn = {21682267},
    keywords = {Dynamic time warping (DTW), Mahalanobis distance, metric learning, multivariate time series (MTS)}
}

@article{Malhotra2016a,
    title = {{LSTM-based Encoder-Decoder for Multi-sensor Anomaly Detection}},
    year = {2016},
    author = {Malhotra, Pankaj and Ramakrishnan, Anusha and Anand, Gaurangi and Vig, Lovekesh and Agarwal, Puneet and Shroff, Gautam},
    url = {http://arxiv.org/abs/1607.00148},
    arxivId = {1607.00148}
}

@article{Li2019a,
    title = {{MAD-GAN: Multivariate Anomaly Detection for Time Series Data with Generative Adversarial Networks}},
    year = {2019},
    author = {Li, Dan and Chen, Dacheng and Shi, Lei and Jin, Baihong and Goh, Jonathan and Ng, See-Kiong},
    month = {1},
    url = {http://arxiv.org/abs/1901.04997},
    arxivId = {1901.04997}
}

@book{Aggarwal2013a,
    title = {{Outlier analysis (book)}},
    year = {2013},
    booktitle = {Outlier Analysis},
    author = {Aggarwal, Charu C.},
    pages = {1--446},
    isbn = {9781461463962},
    doi = {10.1007/978-1-4614-6396-2},
    issn = {1935-8237},
    pmid = {25246403},
    arxivId = {arXiv:1011.1669v3}
}

@article{Zhang2010a,
    title = {{Outlier detection techniques for wireless sensor networks: A survey}},
    year = {2010},
    journal = {IEEE Communications Surveys and Tutorials},
    author = {Zhang, Yang and Meratnia, Nirvana and Havinga, Paul},
    number = {2},
    pages = {159--170},
    volume = {12},
    publisher = {IEEE},
    doi = {10.1109/SURV.2010.021510.00088},
    issn = {1553877X},
    keywords = {Outlier, Outlier detection, Taxonomy, Wireless sensor networks}
}

@article{Zhang2010b,
    title = {{Outlier detection techniques for wireless sensor networks: A survey}},
    year = {2010},
    journal = {IEEE Communications Surveys and Tutorials},
    author = {Zhang, Yang and Meratnia, Nirvana and Havinga, Paul},
    number = {2},
    pages = {159--170},
    volume = {12},
    publisher = {IEEE},
    doi = {10.1109/SURV.2010.021510.00088},
    issn = {1553877X},
    keywords = {Outlier, Outlier detection, Taxonomy, Wireless sensor networks}
}

@article{Baragona2007a,
    title = {{Outliers detection in multivariate time series by independent component analysis}},
    year = {2007},
    journal = {Neural Computation},
    author = {Baragona, Roberto and Battaglia, Francesco},
    number = {7},
    pages = {1962--1984},
    volume = {19},
    doi = {10.1162/neco.2007.19.7.1962},
    issn = {08997667}
}

@article{Sandsten2018Time-FrequencyProcesses,
    title = {{Time-Frequency Analysis of Time-Varying Signals and Non-Stationary Processes}},
    year = {2018},
    author = {Sandsten, Maria}
}