Automatically generated by Mendeley Desktop 1.19.5
Any changes to this file will be lost if it is regenerated by Mendeley.

BibTeX export options can be customized via Preferences -> BibTeX in Mendeley Desktop

@article{Newman2003,
author = {Newman, M E J},
file = {:Users/EmilAndersson/Library/Application Support/Mendeley Desktop/Downloaded/Newman - 2003 - The Structure and Function of Complex Networks.pdf:pdf},
issn = {02782626},
journal = {SIAM Review},
number = {2},
pages = {167--256},
title = {{The Structure and Function of Complex Networks}},
url = {http://www.sciencedirect.com/science/article/B6WBY-48J43DR-1/2/f077687d16f70dd0ca7a8e27a8392a1e},
volume = {45},
year = {2003}
}
@book{Como2018,
author = {Como, Giacommo and Fagnani, Fabio},
file = {:Users/EmilAndersson/Library/Application Support/Mendeley Desktop/Downloaded/Como, Fagnani - 2018 - Lecture notes on Network Dynamics.pdf:pdf},
pages = {100},
title = {{Lecture notes on Network Dynamics}},
year = {2018}
}
