@article{Rumelhart1986,
    title = {{Learning representations by back-propagating errors}},
    year = {1986},
    journal = {Nature},
    author = {Rumelhart, David E. and Hinton, Geoffrey E. and Williams, Ronald J.},
    number = {6088},
    month = {10},
    pages = {533--536},
    volume = {323},
    publisher = {Nature Publishing Group},
    url = {http://www.nature.com/articles/323533a0},
    doi = {10.1038/323533a0},
    issn = {00280836},
    keywords = {Humanities and Social Sciences, Science, multidisciplinary}
}

@article{Rumelhart1986b,
    title = {{Learning representations by back-propagating errors}},
    year = {1986},
    journal = {Nature},
    author = {Rumelhart, David E. and Hinton, Geoffrey E. and Williams, Ronald J.},
    number = {6088},
    pages = {533--536},
    volume = {323},
    doi = {10.1038/323533a0},
    issn = {00280836}
}

@book{Aggarwal2013,
    title = {{Outlier analysis (book)}},
    year = {2013},
    booktitle = {Outlier Analysis},
    author = {Aggarwal, Charu C.},
    pages = {1--446},
    isbn = {9781461463962},
    doi = {10.1007/978-1-4614-6396-2},
    issn = {1935-8237},
    pmid = {25246403},
    arxivId = {arXiv:1011.1669v3}
}