Automatically generated by Mendeley Desktop 1.19.5
Any changes to this file will be lost if it is regenerated by Mendeley.

BibTeX export options can be customized via Preferences -> BibTeX in Mendeley Desktop

@misc{Sornmo2018e,
author = {S{\"{o}}rnmo, Leif},
file = {:Users/EmilAndersson/Library/Application Support/Mendeley Desktop/Downloaded/S{\"{o}}rnmo - 2018 - The BSP 2018 Task Detection of Atrial Fibrillation.pdf:pdf},
pages = {2},
title = {{The BSP 2018 Task : Detection of Atrial Fibrillation}},
year = {2018}
}
@incollection{Sornmo2018d,
author = {S{\"{o}}rnmo, Leif and Petr{\`{e}}nas, Andrius and Marozas, Vaidotas},
booktitle = {Atrial Fibrillation from an Engineering Perspective},
chapter = {4},
edition = {1},
editor = {S{\"{o}}rnmo, Leif},
file = {:Users/EmilAndersson/Library/Application Support/Mendeley Desktop/Downloaded/S{\"{o}}rnmo, Petr{\`{e}}nas, Marozas - 2018 - Detection of Atrial Fibrillation.pdf:pdf},
isbn = {978-3-319-68513-7},
pages = {77--139},
publisher = {Springer International Publishing},
title = {{Detection of Atrial Fibrillation}},
year = {2018}
}
